<mx:record xmlns="http://www.w3.org/TR/xhtml1/strict" xmlns:mx="http://www.loc.gov/MARC21/slim" xmlns:xsi="http://www.w3.org/2001/XMLSchema-instance"><mx:leader>00000cz   2200000n  4500</mx:leader><mx:controlfield tag="001">oca02774770 </mx:controlfield><mx:controlfield tag="003">OCoLC</mx:controlfield><mx:controlfield tag="005">20060428151631.0</mx:controlfield><mx:controlfield tag="008">870307n| acannaab           |a aaa      </mx:controlfield><mx:datafield ind1=" " ind2=" " tag="010"><mx:subfield code="a">n  87813638 </mx:subfield></mx:datafield><mx:datafield ind1=" " ind2=" " tag="040"><mx:subfield code="a">DLC</mx:subfield><mx:subfield code="c">DLC</mx:subfield><mx:subfield code="d">ViU</mx:subfield><mx:subfield code="d">DLC</mx:subfield></mx:datafield><mx:datafield ind1=" " ind2="0" tag="053"><mx:subfield code="a">PA8555.M5</mx:subfield></mx:datafield><mx:datafield ind1="1" ind2=" " tag="100"><mx:subfield code="a">Muret, Marc-Antoine,</mx:subfield><mx:subfield code="d">1526-1585</mx:subfield></mx:datafield><mx:datafield ind1="1" ind2=" " tag="400"><mx:subfield code="a">Muretus, M. Antonius,</mx:subfield><mx:subfield code="d">1526-1585</mx:subfield></mx:datafield><mx:datafield ind1="1" ind2=" " tag="400"><mx:subfield code="a">Muretus, Marcus Antonius,</mx:subfield><mx:subfield code="d">1526-1585</mx:subfield></mx:datafield><mx:datafield ind1="1" ind2=" " tag="400"><mx:subfield code="a">Muret, Marc-Antoine de,</mx:subfield><mx:subfield code="d">1526-1585</mx:subfield></mx:datafield><mx:datafield ind1="1" ind2=" " tag="400"><mx:subfield code="a">Muret, M. Antoine de</mx:subfield><mx:subfield code="q">(Marc-Antoine de),</mx:subfield><mx:subfield code="d">1526-1585</mx:subfield></mx:datafield><mx:datafield ind1=" " ind2=" " tag="667"><mx:subfield code="a">Old catalog heading: Muret, Marc Antoine, 1526-1585</mx:subfield></mx:datafield><mx:datafield ind1=" " ind2=" " tag="670"><mx:subfield code="a">His Commentaires au premier livre des Amours de Ronsard, 1985:</mx:subfield><mx:subfield code="b">t.p. (Marc-Antoine de Muret)</mx:subfield></mx:datafield><mx:datafield ind1=" " ind2=" " tag="670"><mx:subfield code="a">LC data base, 3-7-87</mx:subfield><mx:subfield code="b">(hdg.: Muret, Marc Antoine, 1526-1585; usage: Marc-Antoine Muret)</mx:subfield></mx:datafield><mx:datafield ind1=" " ind2=" " tag="670"><mx:subfield code="a">Bib. nat., 1933</mx:subfield><mx:subfield code="b">(hdg.: Muret, Marc-Antoine; usage: M. Antonii Mureti; Marci Antonii Mureti)</mx:subfield></mx:datafield><mx:datafield ind1=" " ind2=" " tag="670"><mx:subfield code="a">Oraison prononcee devant le pape Gregoire XIII, 1573:</mx:subfield><mx:subfield code="b">t.p. (M. Antoine de Muret, I.C.)</mx:subfield></mx:datafield><mx:datafield ind1=" " ind2=" " tag="999"><mx:subfield code="a">27040.6883</mx:subfield></mx:datafield></mx:record>